@book{mitchell1999geneticalgorithms,
  author    = {Melanie Mitchell},
  title     = {An Introduction to Genetic Algorithms},
  year      = {1999},
  publisher = {MIT Press},
  address   = {Cambridge, MA},
  isbn      = {9780262631853}
}

@book{ray2014softcomputing,
  author    = {S. Kumar Ray},
  title     = {Soft Computing and Its Applications, Volume II},
  year      = {2014},
  publisher = {CRC Press},
  address   = {Boca Raton, FL},
  isbn      = { 978-1-4822-5793-9}
}

@book{sutton2018reinforcement,
  title     = {Reinforcement Learning: An Introduction},
  author    = {Sutton, Richard S. and Barto, Andrew G.},
  year      = {2018},
  edition   = {2},
  publisher = {MIT Press},
  url       = {http://incompleteideas.net/book/the-book-2nd.html},
  isbn      = {978-0-262-03924-6},
  note      = {Available online}
}

@book{ppp3,
  title     = {Programming: Principles and Practice Using C++, 3rd Edition},
  author    = {Bjarne Stroustrup},
  year      = {2024},
  edition   = {3},
  publisher = {Addison-Wesley Professional},
  url       = {https://www.informit.com/store/programming-principles-and-practice-using-c-plus-plus-9780138308681},
  isbn      = {978-0-13-830868-1},
  note      = {Available online}
}

@misc{fl::fuzzylite,
	author={Juan Rada-Vilela},
	title={The FuzzyLite Libraries for Fuzzy Logic Control},
	url={https://fuzzylite.com},
	year={2018}
}

@article{Biscani2020,
	doi = {10.21105/joss.02338},
	url = {https://doi.org/10.21105/joss.02338},
	year = {2020},
	publisher = {The Open Journal},
	volume = {5},
	number = {53},
	pages = {2338},
	author = {Francesco Biscani and Dario Izzo},
	title = {A parallel global multiobjective framework for optimization: pagmo},
	journal = {Journal of Open Source Software}
}

@article{enhsp::scala2020subgoaling,
	author       = {Scala, Enrico and Haslum, Patrik and Thi{\'e}baux, Sylvie and Ram{\'{\i}}rez, Miquel},
	title        = {Subgoaling Techniques for Satisficing and Optimal Numeric Planning},
	journaltitle = {Journal of Artificial Intelligence Research},
	year         = {2020},
	date         = {2020-08-10},
	volume       = {68},
	pages        = {691--752},
	doi          = {10.1613/JAIR.1.11875},
	url          = {https://www.jair.org/index.php/jair/article/view/11875},
}

@inproceedings{enhsp::Scala2016IntervalBasedRF,
	title={Interval-Based Relaxation for General Numeric Planning},
	author={Enrico Scala and Patrik Haslum and Sylvie Thi{\'e}baux and Miquel Ram{\'i}rez},
	booktitle={European Conference on Artificial Intelligence},
	year={2016},
	url={https://api.semanticscholar.org/CorpusID:27984436}
}
